<?xml version="1.0" encoding="UTF-8"?>
<collection xmlns:xsi="http://www.w3.org/2001/XMLSchema-instance" xsi:schemaLocation="http://www.loc.gov/MARC21/slim http://www.loc.gov/standards/marcxml/schema/MARC21slim.xsd" xmlns="http://www.loc.gov/MARC21/slim">
<record>
  <leader>00725nam a22001811  4500</leader>
  <controlfield tag="001">867157</controlfield>
  <controlfield tag="003">NNC</controlfield>
  <controlfield tag="005">20030428212834.0</controlfield>
  <controlfield tag="008">891012s1911    ua            000 0 ara d</controlfield>
  <datafield tag="035" ind1=" " ind2=" ">
    <subfield code="a">(OCoLC)ocm20479915</subfield>
  </datafield>
  <datafield tag="035" ind1=" " ind2=" ">
    <subfield code="9">AES0639CU</subfield>
  </datafield>
  <datafield tag="040" ind1=" " ind2=" ">
    <subfield code="a">ZCU</subfield>
    <subfield code="c">ZCU</subfield>
  </datafield>
  <datafield tag="090" ind1=" " ind2=" ">
    <subfield code="a">B753.I63</subfield>
    <subfield code="b">S2</subfield>
  </datafield>
  <datafield tag="100" ind1="1" ind2=" ">
    <subfield code="a">Samarqandī, Abū al-Qādir ibn Abī Bakr.</subfield>
  </datafield>
  <datafield tag="245" ind1="0" ind2="0">
    <subfield code="a">Sharḥ al-ʻallāmah Abī-al-Layth al-Samarqandī ʻalā al-Risālah al- ʻAdudīyah fī ʻilm al-waḍʻ, li-ʻAḍud-al-Dīn ʻAbd-al-Raḥmān al-Ījī, ma ʻa Hāshiyat al- ʻallāmah al-shaykh Muḥammad al-Dasūqī al-Mālikī.</subfield>
  </datafield>
  <datafield tag="260" ind1=" " ind2=" ">
    <subfield code="a">Miṣr,</subfield>
    <subfield code="b">Muḥammad-Amīn al-Khānjī al-Kutubī,</subfield>
    <subfield code="c">1329 h. [1911]</subfield>
  </datafield>
  <datafield tag="300" ind1=" " ind2=" ">
    <subfield code="a">104 p.</subfield>
  </datafield>
  <datafield tag="955" ind1=" " ind2=" ">
    <subfield code="b">CU01534815</subfield>
    <subfield code="d">off,glx</subfield>
    <subfield code="e">B753.I63 S2</subfield>
  </datafield>
</record>
</collection>